<record><leader>01033cam a22002891  4500</leader><controlfield tag="001">102063</controlfield><controlfield tag="005">20141019191704.0</controlfield><controlfield tag="008">860506s1957    nyua     b    000 0 eng  </controlfield><datafield ind1=" " ind2=" " tag="010"><subfield code="a">   56010158/L </subfield></datafield><datafield ind1=" " ind2=" " tag="035"><subfield code="a">(CStRLIN)NYCX86B63464</subfield></datafield><datafield ind1=" " ind2=" " tag="035"><subfield code="a">(NIC)notisAAL3258</subfield></datafield><datafield ind1=" " ind2=" " tag="035"><subfield code="a">(OCoLC)1345399</subfield></datafield><datafield ind1=" " ind2=" " tag="035"><subfield code="a">102063</subfield></datafield><datafield ind1=" " ind2=" " tag="040"><subfield code="c">NIC</subfield><subfield code="d">NIC</subfield></datafield><datafield ind1="0" ind2=" " tag="050"><subfield code="a">RC941</subfield><subfield code="b">.C6</subfield></datafield><datafield ind1=" " ind2=" " tag="082"><subfield code="a">616.2</subfield></datafield><datafield ind1="0" ind2="0" tag="245"><subfield code="a">Clinical cardiopulmonary physiology.</subfield><subfield code="c">Sponsored by the American College of Chest Physicians.  Editorial board: Burgess L. Gordon, chairman, editor-in-chief, Albert H. Andrews [and others]</subfield></datafield><datafield ind1=" " ind2=" " tag="260"><subfield code="a">New York,</subfield><subfield code="b">Grune &amp; Stratton,</subfield><subfield code="c">1957.</subfield></datafield><datafield ind1=" " ind2=" " tag="300"><subfield code="a">759 p.</subfield><subfield code="b">illus.</subfield><subfield code="c">27 cm.</subfield></datafield><datafield ind1=" " ind2=" " tag="504"><subfield code="a">Includes bibliography.</subfield></datafield><datafield ind1=" " ind2="0" tag="650"><subfield code="a">Chest</subfield><subfield code="x">Diseases</subfield></datafield><datafield ind1=" " ind2="7" tag="650"><subfield code="a">Chest</subfield><subfield code="x">Diseases</subfield><subfield code="2">fast</subfield><subfield code="0">(OCoLC)fst00853831</subfield></datafield><datafield ind1="1" ind2=" " tag="700"><subfield code="a">Gordon, Burgess L.</subfield><subfield code="q">(Burgess Lee),</subfield><subfield code="d">1892-</subfield><subfield code="e">ed.</subfield></datafield><datafield ind1="2" ind2=" " tag="710"><subfield code="a">American College of Chest Physicians.</subfield></datafield><datafield ind1=" " ind2=" " tag="905"><subfield code="a">19880603120000.0</subfield></datafield><datafield ind1="2" ind2=" " tag="948"><subfield code="a">20141019</subfield><subfield code="b">m</subfield><subfield code="d">batch</subfield><subfield code="e">lts</subfield><subfield code="x">addfast</subfield></datafield><datafield ind1=" " ind2=" " tag="950"><subfield code="l">VET</subfield><subfield code="a">RB113</subfield><subfield code="b">.C64</subfield><subfield code="f">BASIC</subfield><subfield code="i">05/06/86 N</subfield></datafield></record>afield>
    <datafield ind1="2" ind2=" " tag="948">
        <subfield code="a">20141019</subfield>
        <subfield code="b">m</subfield>
        <subfield code="d">batch</subfield>
        <subfield code="e">lts</subfield>
        <subfield code="x">addfast</subfield>
    </datafield>
    <datafield ind1=" " ind2=" " tag="950">
        <subfield code="l">VET</subfield>
        <subfield code="a">RB113</subfield>
        <subfield code="b">.C64</subfield>
        <subfield code="f">BASIC</subfield>
        <subfield code="i">05/06/86 N</subfield>
    </datafield>
</record>